@electronic{website:why-we-need-lambda-expressions-in-java,
      author = "Mario Fusco",
      title = "Why We Need Lambda Expressions in Java",
      month = "March",
      year = "2013",
      url = "http://java.dzone.com/articles/why-we-need-lambda-expressions"
},
@electronic{website:love-and-hate-for-java-8,
      author = "Andrew C. Oliver",
      title = "Love and hate for Java 8",
      month = "July",
      year = "2013",
      url = "http://www.javaworld.com/article/2078836/java-se/love-and-hate-for-java-8.html"
}
